@Book{           bishop:2006:PRML,
  author = 	 "Christopher M. Bishop",
  title = 	 "Pattern Recognition and Machine Learning",
  publisher = 	 "Springer",
  year = 	 "2006",
}

@book{hastie_09_elements-of.statistical-learning,
  added-at = {2010-06-03T15:15:09.000+0200},
  author = {Hastie, Trevor and Tibshirani, Robert and Friedman, Jerome},
  biburl = {https://www.bibsonomy.org/bibtex/200d858c0bd2826d4eb5f39450192d1f5/ukoethe},
  edition = 2,
  file = {:Books\\HastieTibshiraniFriedman-09-Elements-of-Statistical-Learning-2nd-edition\\hastie_09_elements-of.statistical-learning.pdf:PDF},
  interhash = {52d1772f39be836e3b298d37b8c0cfa1},
  intrahash = {00d858c0bd2826d4eb5f39450192d1f5},
  keywords = {inference mathmatics dataanalysis method clutering statistics},
  publisher = {Springer},
  timestamp = {2010-06-03T15:15:09.000+0200},
  title = {The elements of statistical learning: data mining, inference and prediction},
  url = {http://www-stat.stanford.edu/~tibs/ElemStatLearn/},
  year = 2009
}

@book{bishop:2009:PRML_solution,
  author = 	 "Christopher M. Bishop",
  title = 	 "Pattern Recognition and Machine Learning: Solutions to the Exercises: Web-Edition",
  year = 	 "2009",
}

@book{zhaoqi:2017:PRML_solution,
author="Zhengqi Gao",
title="Solution Manual for Pattern Recognition and Machine Learning",
year="2017",
}
